%% Bibliography 

@ARTICLE{kn:Sha99,
 AUTHOR={Shasha, Dennis},
 TITLE={Time Series in Finance: the array database approach},
 JOURNAL={ACM SIGM0D},
 VOLUME={},
 NUMBER={},
 PAGES={},
 MONTH={Abril},
 YEAR=1999}

@MISC{kn:Geo00,
 AUTHOR={Geocities},
 TITLE={Fundamentos de análise técnica e seus instrumentos},
 HOWPUBLISHED={URL: \url{http://www.geocities.com/WallStreet/2500/przpanap.htm}},
 MONTH={Maio},
 YEAR=2000}

@INPROCEEDINGS{kn:Naf99,
 AUTHOR={Naftulin, Henry},
 TITLE={Organizing Information for the Internet and E-commerce},
 PAGES={},
 BOOKTITLE={ACM SIGIR'99},
 EDITOR={},
 PUBLISHER={},
 ADDRESS={},
 MONTH={},
 YEAR=1999}

@BOOK{kn:Mur87,
 AUTHOR={Murphy, John J.},
 TITLE={Technical Analysis of the Futures Markets},
 PUBLISHER={New York Institute of Finance-70},
 ADDRESS={Pine Street-New York, New York 10270},
 YEAR=1987}

@Book{kn:Lam94,
 AUTHOR = "l Dias",
 TITLE = "{\LaTeX}: {A} Document Preparation System: User's Guide and Reference Manual",
 PUBLISHER = "Addison-Wesley Publishing Company",
 YEAR = "1994",
 ISBN = "0-201-52983-1",
 EDITION = "Second",
 PAGES = "xvi + 272"
}

@Book{kn:Knu86,
 AUTHOR = "Donald E. Knuth",
 TITLE = "The {\TeX}book",
 publisher = "Addison-Wesley Publishing Company",
 YEAR = "1986",
 SERIES = "Computers and Typesetting",
 ISBN = "0-201-13447-0",
 PAGES = "ix + 483"
}

